<?xml version="1.0" encoding="UTF-8"?><collection xmlns="http://www.loc.gov/MARC21/slim"><record><leader>00457nam--2200133-i-4500</leader><controlfield tag="001">000006497</controlfield><controlfield tag="002">20161230</controlfield><controlfield tag="005">20170210013852</controlfield><controlfield tag="008">060222s1000------------r-----000-0-eng-d</controlfield><datafield ind1=" " ind2=" " tag="100"><subfield code="a">Burnot, Guy</subfield></datafield><datafield ind1=" " ind2=" " tag="245"><subfield code="a">Etude de l optique ionique de l accelerateur cockroft-walton de 1,2 mev de l institut de physique nucleaire de Lyon et projet d ameliorati on de l appareil</subfield></datafield><datafield ind1=" " ind2=" " tag="260"><subfield code="a">Lyon</subfield><subfield code="b">Faculte Des Sciences</subfield><subfield code="c">1961</subfield></datafield><datafield ind1=" " ind2=" " tag="300"><subfield code="a">62 p</subfield></datafield><datafield ind1=" " ind2=" " tag="CAT"><subfield code="a">SYS</subfield><subfield code="c">20170210</subfield><subfield code="h">013852</subfield></datafield></record></collection>